@InProceedings{impagliazzo2010,
	author="Impagliazzo, Russell and Kabanets, Valentine",
	editor="Serna, Maria and Shaltiel, Ronen and Jansen, Klaus and Rolim, Jos{\'e}",
	title="Constructive Proofs of Concentration Bounds",
	booktitle="Approximation, Randomization, and Combinatorial Optimization. Algorithms and Techniques",
	year="2010",
	publisher="Springer Berlin Heidelberg",
	address="Berlin, Heidelberg",
	pages="617--631",
	isbn="978-3-642-15369-3",
	doi="10.1007/978-3-642-15369-3_46"
}

@InProceedings{murtagh2019,
  author =	{Jack Murtagh and Omer Reingold and Aaron Sidford and Salil Vadhan},
  title =	{{Deterministic Approximation of Random Walks in Small Space}},
  booktitle =	{Approximation, Randomization, and Combinatorial Optimization. Algorithms and Techniques (APPROX/RANDOM 2019)},
  pages =	{42:1--42:22},
  series =	{Leibniz International Proceedings in Informatics (LIPIcs)},
  ISBN =	{978-3-95977-125-2},
  ISSN =	{1868-8969},
  year =	{2019},
  volume =	{145},
  editor =	{Dimitris Achlioptas and L{\'a}szl{\'o} A. V{\'e}gh},
  publisher =	{Schloss Dagstuhl--Leibniz-Zentrum fuer Informatik},
  address =	{Dagstuhl, Germany},
  URL =		{http://drops.dagstuhl.de/opus/volltexte/2019/11257},
  URN =		{urn:nbn:de:0030-drops-112577},
  doi =		{10.4230/LIPIcs.APPROX-RANDOM.2019.42},
  annote =	{Keywords: random walks, space complexity, derandomization, spectral approximation, expander graphs}
}

@article{hoory2006,
  title={Expander Graphs and their Applications},
  author={Shlomo Hoory and Nathan Linial},
  journal={Bulletin of the American Mathematical Society},
  year={2006},
  volume={43},
  pages={439-561},
  doi = {10.1090/S0273-0979-06-01126-8}
}

@article{vadhan2012,
  year = {2012},
  volume = {7},
  journal = {Foundations and Trends\<registered> in Theoretical Computer Science},
  title = {Pseudorandomness},
  doi = {10.1561/0400000010},
  issn = {1551-305X},
  number = {1â€“3},
  pages = {1-336},
  author = {Salil P. Vadhan}
}